@book{russell2010artificial,
	title={Artificial intelligence a modern approach},
	author={Russell, Stuart J},
	year={2010},
	publisher={Pearson Education, Inc.}
}

@article{christopher1999foundations,
	title={Foundations of statistical natural language processing},
	author={Christopher, D Manning and Hinrich, Sch{\"u}tze},
	year={1999},
	publisher={the MIT press}
}


@book{bishop2006pattern,
	title={Pattern recognition and machine learning},
	author={Bishop, Christopher M and Nasrabadi, Nasser M},
	year={2006},
	publisher={Springer}
}

@article{shmueli2010explain,
	title={To explain or to predict?},
	author={Shmueli, Galit},
	year={2010},
	volume={25},
	number={3},
	pages={289--310},

	publisher={Statistical Science}
}

@misc{alpaydin2010introduction,
	title={Introduction to machine learning, 2'nd ed},
	author={Alpaydin, Ethem},
	year={2010},
	publisher={Cambridge, Mass., MIT Press}
}

@book{murphy2012machine,
	title={Machine learning: a probabilistic perspective},
	author={Murphy, Kevin P},
	year={2012},
	publisher={MIT press}
}


@book{hastie2009elements,
	title={The elements of statistical learning: data mining, inference, and prediction},
	author={Hastie, Trevor and Tibshirani, Robert and Friedman, Jerome H and Friedman, Jerome H},
	volume={2},
	year={2009},
	publisher={Springer}
}

@article{amershi2014power,
	title={Power to the people: The role of humans in interactive machine learning},
	author={Amershi, Saleema and Cakmak, Maya and Knox, William Bradley and Kulesza, Todd},
	journal={Ai Magazine},
	volume={35},
	number={4},
	pages={105--120},
	year={2014}
}



@article{jordan2015machine,
	title={Machine learning: Trends, perspectives, and prospects},
	author={Jordan, Michael I and Mitchell, Tom M},
	journal={Science},
	volume={349},
	number={6245},
	pages={255--260},
	year={2015},
	publisher={American Association for the Advancement of Science}
}


@article{lecun2015deep,
	title={Deep learning. nature, 521 (7553), 436-444},
	author={LeCun, Yann and Bengio, Yoshua and Hinton, Geoffrey and others},
	journal={Google Scholar Google Scholar Cross Ref Cross Ref},
	pages={25},
	year={2015}
}


@book{goodfellow2016deep,
	title={Deep learning},
	author={Goodfellow, Ian and Bengio, Yoshua and Courville, Aaron},
	year={2016},
	publisher={MIT press}
}

@article{lecun2015deep,
	title={Deep learning. nature, 521 (7553), 436-444},
	author={LeCun, Yann and Bengio, Yoshua and Hinton, Geoffrey and others},
	journal={Google Scholar Google Scholar Cross Ref Cross Ref},
	pages={25},
	year={2015}
}


@article{krizhevsky2017imagenet,
	title={Imagenet classification with deep convolutional neural networks},
	author={Krizhevsky, Alex and Sutskever, Ilya and Hinton, Geoffrey E},
	journal={Communications of the ACM},
	volume={60},
	number={6},
	pages={84--90},
	year={2017},
	publisher={AcM New York, NY, USA}
}


@article{vaswani2017attention,
	title={Attention is all you need},
	author={Vaswani, Ashish and Shazeer, Noam and Parmar, Niki and Uszkoreit, Jakob and Jones, Llion and Gomez, Aidan N and Kaiser, {\L}ukasz and Polosukhin, Illia},
	journal={Advances in neural information processing systems},
	volume={30},
	year={2017}
}

@article{graves2005framewise,
	title={Framewise phoneme classification with bidirectional LSTM and other neural network architectures},
	author={Graves, Alex and Schmidhuber, J{\"u}rgen},
	journal={Neural networks},
	volume={18},
	number={5-6},
	pages={602--610},
	year={2005},
	publisher={Elsevier}
}


@article{mnih2015human,
	title={Human-level control through deep reinforcement learning},
	author={Mnih, Volodymyr and Kavukcuoglu, Koray and Silver, David and Rusu, Andrei A and Veness, Joel and Bellemare, Marc G and Graves, Alex and Riedmiller, Martin and Fidjeland, Andreas K and Ostrovski, Georg and others},
	journal={nature},
	volume={518},
	number={7540},
	pages={529--533},
	year={2015},
	publisher={Nature Publishing Group}
}
@book{sutton2018reinforcement,
	title={Reinforcement learning: An introduction},
	author={Sutton, Richard S and Barto, Andrew G},
	year={2018},
	publisher={MIT press}
}

@article{settles2009active,
	title={Active learning literature survey},
	author={Settles, Burr},
	year={2009},
	publisher={University of Wisconsin-Madison Department of Computer Sciences}
}

@article{pan2010survey,
	title={A survey on transfer learning},
	author={Pan, Sinno Jialin and Yang, Qiang},
	journal={IEEE Transactions on knowledge and data engineering},
	volume={22},
	number={10},
	pages={1345--1359},
	year={2010},
	publisher={IEEE}
}



@book{mather2016classification,
	title={Classification methods for remotely sensed data},
	author={Mather, Paul and Tso, Brandt},
	year={2016},
	publisher={CRC press}
}

@article{duroc2018rfid,
	title={RFID: A key technology for Humanity},
	author={Duroc, Yvan and Tedjini, Smail},
	journal={Comptes Rendus Physique},
	volume={19},
	number={1-2},
	pages={64--71},
	year={2018},
	publisher={Elsevier}
}


@inproceedings{li2018flooding,
	title={A flooding warning system based on RFID tag array for energy facility},
	author={Li, Chang-He and Lao, Keng-Weng and Tam, Kam-Weng},
	booktitle={2018 IEEE International Conference on RFID Technology \& Application (RFID-TA)},
	pages={1--4},
	year={2018},
	organization={IEEE}
}

@inproceedings{fahmy2019role,
	title={Role of RFID technology in smart city applications},
	author={Fahmy, Ahmed and Altaf, Hunain and Al Nabulsi, Ahmed and Al-Ali, Abdulrahman and Aburukba, Raafat},
	booktitle={2019 international conference on communications, signal processing, and their applications (ICCSPA)},
	pages={1--6},
	year={2019},
	organization={IEEE}
}

@article{chawla2007overview,
	title={An overview of passive RFID},
	author={Chawla, Vipul and Ha, Dong Sam},
	journal={IEEE Communications Magazine},
	volume={45},
	number={9},
	pages={11--17},
	year={2007},
	publisher={IEEE}
}

@article{duroc2022identification,
	title={From Identification to Sensing: RFID Is One of the Key Technologies in the IoT Field},
	author={Duroc, Yvan},
	journal={Sensors},
	volume={22},
	number={19},
	pages={7523},
	year={2022},
	publisher={MDPI}
}
@misc{rfidfreqs,
	author = "rfid4u",
	title = {Explore RFID Basics and Resources RFID Basics - The RF in RFID},
	year = "2023",
	url = "https://rfid4u.com/wp-content/uploads/2020/06/Electromagnetic-Spectrum@2x.png"
}

@article{landaluce2020review,
	title={A review of IoT sensing applications and challenges using RFID and wireless sensor networks},
	author={Landaluce, Hugo and Arjona, Laura and Perallos, Asier and Falcone, Francisco and Angulo, Ignacio and Muralter, Florian},
	journal={Sensors},
	volume={20},
	number={9},
	pages={2495},
	year={2020},
	publisher={MDPI}
}

@article{denis2020travaux,
	title={Travaux Pratiques de T{\'e}l{\'e}d{\'e}tection Spatiale I},
	author={Denis, Antoine},
	year={2020},
	publisher={ULi{\`e}ge-Universit{\'e} de Li{\`e}ge [Applied Science]}
}

@book{girard2018processing,
	title={Processing of remote sensing data},
	author={Girard, ColetteM},
	year={2018},
	publisher={Routledge}
}
@misc{rsap,
	author = "SKYRORA",
	title = {WHAT IS SATELLITE REMOTE SENSING?},
	year = "2021",
	url = "https://www.skyrora.com/wp-content/uploads/2021/07/illustration1.png"
}

@misc{rfidsys,
	author = "SCHMIDT",
	title = {RFID solutions},
	year = "2020",
	howpublished = "\url{http://www.schmidt.com.cn/uploadfiles/2018/06/20180614160652652.png}"
}

@misc{rfidwork,
	author = "easyRFID",
	title = {RFID technology: what it is, how it works and what it is for},
	year = "2022",
	url = "https://www.easyrfid.it/wp-content/uploads/2021/02/COME-FUNZIONA_Tavola-disegno-1-1024x1024.jpg"
}

@misc{rfidtype,
	author = "AUCXIS rfidsolutions",
	title = {RFID â€“ identify, read and process unique information},
	year = "2023",
	url = "https://www.aucxis.com/site/files/images/rfid/werking/RFID%20werking%20schema.png"
}
@misc{rfidpascla,
	
	title = "easyRFID",
	year = "2022",
	howpublished = "\url{https://www.easyrfid.it/en/tecnologia-rfid/}",
	note = "Accessed on February 15, 2023."
}


@article{chong2017review,
	title={A review of remote sensing applications for oil palm studies},
	author={Chong, Khai Loong and Kanniah, Kasturi Devi and Pohl, Christine and Tan, Kian Pang},
	journal={Geo-spatial Information Science},
	volume={20},
	number={2},
	pages={184--200},
	year={2017},
	publisher={Taylor \& Francis}
}

@article{schulz2018machine,
	title={Machine learning methods for remote sensing applications: an overview},
	author={Schulz, Karsten and H{\"a}nsch, Ronny and S{\"o}rgel, Uwe},
	journal={Earth resources and environmental remote sensing/GIS applications IX},
	volume={10790},
	pages={1079002},
	year={2018},
	publisher={SPIE}
}

@article{navalgund2007remote,
	title={Remote sensing applications: An overview},
	author={Navalgund, Ranganath R and Jayaraman, V and Roy, PS},
	journal={current science},
	pages={1747--1766},
	year={2007},
	publisher={JSTOR}
}
@article{elachi1988spaceborne,
	title={Spaceborne radar remote sensing: applications and techniques},
	author={Elachi, Charles},
	journal={New York},
	year={1988}
}
@article{karthikeyan2020review,
	title={A review of remote sensing applications in agriculture for food security: Crop growth and yield, irrigation, and crop losses},
	author={Karthikeyan, L and Chawla, Ila and Mishra, Ashok K},
	journal={Journal of Hydrology},
	volume={586},
	pages={124905},
	year={2020},
	publisher={Elsevier}
}

@article{schroeder2019passive,
	title={Passive remote sensing technology for mapping bull kelp (Nereocystis luetkeana): a review of techniques and regional case study},
	author={Schroeder, Sarah B and Dupont, Colleen and Boyer, Leanna and Juanes, Francis and Costa, Maycira},
	journal={Global Ecology and Conservation},
	volume={19},
	pages={e00683},
	year={2019},
	publisher={Elsevier}
}
@article{tong2019trends,
	title={Trends of land surface phenology derived from passive microwave and optical remote sensing systems and associated drivers across the dry tropics 1992--2012},
	author={Tong, Xiaoye and Tian, Feng and Brandt, Martin and Liu, Yi and Zhang, Wenmin and Fensholt, Rasmus},
	journal={Remote Sensing of Environment},
	volume={232},
	pages={111307},
	year={2019},
	publisher={Elsevier}
}

@article{zhou2021potential,
	title={The potential of active and passive remote sensing to detect frequent harvesting of alfalfa},
	author={Zhou, Yuting and Flynn, K Colton and Gowda, Prasanna H and Wagle, Pradeep and Ma, Shengfang and Kakani, Vijaya G and Steiner, Jean L},
	journal={International Journal of Applied Earth Observation and Geoinformation},
	volume={104},
	pages={102539},
	year={2021},
	publisher={Elsevier}
}

@article{heisig2022predicting,
	title={Predicting wildfire fuels and hazard in a central European temperate forest using active and passive remote sensing},
	author={Heisig, Johannes and Olson, Edward and Pebesma, Edzer},
	journal={Fire},
	volume={5},
	number={1},
	pages={29},
	year={2022},
	publisher={MDPI}
}

@article{ullo2021advances,
	title={Advances in IoT and smart sensors for remote sensing and agriculture applications},
	author={Ullo, Silvia Liberata and Sinha, Ganesh Ram},
	journal={Remote Sensing},
	volume={13},
	number={13},
	pages={2585},
	year={2021},
	publisher={MDPI}
}




@misc{particleIoT,
	
	title = {A 2022 Guide to IoT Protocols and Standards},
	year = 2022,
	howpublished = {https://www.particle.io/iot-guides-and-resources/iot-protocols-and-standards/},
	note = {Accessed: 2023-02-18}
	
}
@misc{lorawanSpec,
	
	
	howpublished = {https://lora-alliance.org/about-lorawan/},
	note = {Accessed: 2023-02-18}
	
}
@INPROCEEDINGS{7446846,
	author={Kraijak, Surapon and Tuwanut, Panwit},
	booktitle={11th International Conference on Wireless Communications, Networking and Mobile Computing (WiCOM 2015)}, 
	title={A survey on IoT architectures, protocols, applications, security, privacy, real-world implementation and future trends}, 
	year={2015},
	volume={},
	number={},
	pages={1-6},
	doi={10.1049/cp.2015.0714}}

@article{dai2019blockchain,
	title={Blockchain for Internet of Things: A survey},
	author={Dai, Hong-Ning and Zheng, Zibin and Zhang, Yan},
	journal={IEEE Internet of Things Journal},
	volume={6},
	number={5},
	pages={8076--8094},
	year={2019},
	publisher={IEEE}
}
@article{gupta2020overview,
	title={An overview of Internet of Things (IoT): Architectural aspects, challenges, and protocols},
	author={Gupta, Brij B and Quamara, Megha},
	journal={Concurrency and Computation: Practice and Experience},
	volume={32},
	number={21},
	pages={e4946},
	year={2020},
	publisher={Wiley Online Library}
}
@inproceedings{inproceedings,
	author = {Chellappa, Muthu and Madasamy, Shanmugaraj and Prabakaran, R.},
	year = {2011},
	month = {04},
	pages = {297-301},
	title = {Study on ZigBee technology},
	isbn = {978-1-4244-8678-6},
	doi = {10.1109/ICECTECH.2011.5942102}
}
@INPROCEEDINGS{8088251,
	author={Naik, Nitin},
	booktitle={2017 IEEE International Systems Engineering Symposium (ISSE)}, 
	title={Choice of effective messaging protocols for IoT systems: MQTT, CoAP, AMQP and HTTP}, 
	year={2017},
	volume={},
	number={},
	pages={1-7},
	doi={10.1109/SysEng.2017.8088251}}
@INPROCEEDINGS{7158101,
	author={Luzuriaga, Jorge E. and Perez, Miguel and Boronat, Pablo and Cano, Juan Carlos and Calafate, Carlos and Manzoni, Pietro},
	booktitle={2015 12th Annual IEEE Consumer Communications and Networking Conference (CCNC)}, 
	title={A comparative evaluation of AMQP and MQTT protocols over unstable and mobile networks}, 
	year={2015},
	volume={},
	number={},
	pages={931-936},
	doi={10.1109/CCNC.2015.7158101}}
@phdthesis{han2015semantic,
	title={Semantic service provisioning for 6LoWPAN: powering internet of things applications on Web},
	author={Han, Ngoc Son},
	year={2015},
	school={Evry, Institut national des t{\'e}l{\'e}communications}
}
@online{globalsign-iot,
	author = {GlobalSign},
	title = {What is the Internet of Things (IoT) and how does it work?},
	year = {n.d.},
	url = {https://www.globalsign.com/en-sg/blog/what-internet-things-and-how-does-it-work},
		howpublished = {https://www.globalsign.com/en-sg/blog/what-internet-things-and-how-does-it-work},
	note = {Accessed: 2023-02-18}
	
}


@online{netburner,
	author = {netburner},
	title = {Architectures in the IoT Civilization},
	year = {n.d.},
	url = {https://www.netburner.com/learn/architectural-frameworks-in-the-iot-civilization/},
	howpublished = {https://www.netburner.com/learn/architectural-frameworks-in-the-iot-civilization/},
	note = {Accessed: 2023-02-19}
	
}
@online{sustainablewebdesign,
	author = {sustainablewebdesign},
	title = {Calculating Digital Emissions
	 },
	year = {n.d.},
	url = {https://sustainablewebdesign.org/calculating-digital-emissions/},
	howpublished = {https://sustainablewebdesign.org/calculating-digital-emissions/},
	note = {Accessed: 2023-02-19}
	
}
@online{iotdesignpro,
	author = {iotdesignpro},
	title = {Why is Zigbee still the Dominating Protocol for Home and Industrial Automation?
	},
	year = {n.d.},
	url = {https://iotdesignpro.com/articles/why-zigbee-still-dominating-protocol-for-home-industrial-automation},
	howpublished = {https://iotdesignpro.com/articles/why-zigbee-still-dominating-protocol-for-home-industrial-automation},
	note = {Accessed: 2023-02-19}
	
}
@online{daviteq,
	author = {daviteq},
	title = {What are the most popular IoT protocols? Characteristics and Applications of them
	},
	year = {n.d.},
	url = {https://www.daviteq.com/blog/en/what-are-the-most-popular-iot-protocols/},
	howpublished = {https://www.daviteq.com/blog/en/what-are-the-most-popular-iot-protocols/},
	note = {Accessed: 2023-02-19}
	
}
@article{articleKorea,
	author = {Muralidharan, Shapna and Roy, Abhishek and Saxena, Navrati},
	year = {2016},
	month = {10},
	pages = {},
	title = {An Exhaustive Review on Internet of Things from Koreaâ€™s Perspective},
	volume = {90},
	journal = {Wireless Personal Communications},
	doi = {10.1007/s11277-016-3404-8}
}