@misc{particleIoT,
	
	title = {A 2022 Guide to IoT Protocols and Standards},
	year = 2022,
	howpublished = {https://www.particle.io/iot-guides-and-resources/iot-protocols-and-standards/},
	note = {Accessed: 2023-02-18}
	
}
@misc{lorawanSpec,
	
	
	howpublished = {https://lora-alliance.org/about-lorawan/},
	note = {Accessed: 2023-02-18}
	
}
@INPROCEEDINGS{7446846,
	author={Kraijak, Surapon and Tuwanut, Panwit},
	booktitle={11th International Conference on Wireless Communications, Networking and Mobile Computing (WiCOM 2015)}, 
	title={A survey on IoT architectures, protocols, applications, security, privacy, real-world implementation and future trends}, 
	year={2015},
	volume={},
	number={},
	pages={1-6},
	doi={10.1049/cp.2015.0714}}

@article{dai2019blockchain,
	title={Blockchain for Internet of Things: A survey},
	author={Dai, Hong-Ning and Zheng, Zibin and Zhang, Yan},
	journal={IEEE Internet of Things Journal},
	volume={6},
	number={5},
	pages={8076--8094},
	year={2019},
	publisher={IEEE}
}
@article{gupta2020overview,
	title={An overview of Internet of Things (IoT): Architectural aspects, challenges, and protocols},
	author={Gupta, Brij B and Quamara, Megha},
	journal={Concurrency and Computation: Practice and Experience},
	volume={32},
	number={21},
	pages={e4946},
	year={2020},
	publisher={Wiley Online Library}
}
@inproceedings{inproceedings,
	author = {Chellappa, Muthu and Madasamy, Shanmugaraj and Prabakaran, R.},
	year = {2011},
	month = {04},
	pages = {297-301},
	title = {Study on ZigBee technology},
	isbn = {978-1-4244-8678-6},
	doi = {10.1109/ICECTECH.2011.5942102}
}
@INPROCEEDINGS{8088251,
	author={Naik, Nitin},
	booktitle={2017 IEEE International Systems Engineering Symposium (ISSE)}, 
	title={Choice of effective messaging protocols for IoT systems: MQTT, CoAP, AMQP and HTTP}, 
	year={2017},
	volume={},
	number={},
	pages={1-7},
	doi={10.1109/SysEng.2017.8088251}}
@INPROCEEDINGS{7158101,
	author={Luzuriaga, Jorge E. and Perez, Miguel and Boronat, Pablo and Cano, Juan Carlos and Calafate, Carlos and Manzoni, Pietro},
	booktitle={2015 12th Annual IEEE Consumer Communications and Networking Conference (CCNC)}, 
	title={A comparative evaluation of AMQP and MQTT protocols over unstable and mobile networks}, 
	year={2015},
	volume={},
	number={},
	pages={931-936},
	doi={10.1109/CCNC.2015.7158101}}
@phdthesis{han2015semantic,
	title={Semantic service provisioning for 6LoWPAN: powering internet of things applications on Web},
	author={Han, Ngoc Son},
	year={2015},
	school={Evry, Institut national des t{\'e}l{\'e}communications}
}
@online{globalsign-iot,
	author = {GlobalSign},
	title = {What is the Internet of Things (IoT) and how does it work?},
	year = {n.d.},
	url = {https://www.globalsign.com/en-sg/blog/what-internet-things-and-how-does-it-work},
		howpublished = {https://www.globalsign.com/en-sg/blog/what-internet-things-and-how-does-it-work},
	note = {Accessed: 2023-02-18}
	
}


@online{netburner,
	author = {netburner},
	title = {Architectures in the IoT Civilization},
	year = {n.d.},
	url = {https://www.netburner.com/learn/architectural-frameworks-in-the-iot-civilization/},
	howpublished = {https://www.netburner.com/learn/architectural-frameworks-in-the-iot-civilization/},
	note = {Accessed: 2023-02-19}
	
}
@online{sustainablewebdesign,
	author = {sustainablewebdesign},
	title = {Calculating Digital Emissions
	 },
	year = {n.d.},
	url = {https://sustainablewebdesign.org/calculating-digital-emissions/},
	howpublished = {https://sustainablewebdesign.org/calculating-digital-emissions/},
	note = {Accessed: 2023-02-19}
	
}
@online{iotdesignpro,
	author = {iotdesignpro},
	title = {Why is Zigbee still the Dominating Protocol for Home and Industrial Automation?
	},
	year = {n.d.},
	url = {https://iotdesignpro.com/articles/why-zigbee-still-dominating-protocol-for-home-industrial-automation},
	howpublished = {https://iotdesignpro.com/articles/why-zigbee-still-dominating-protocol-for-home-industrial-automation},
	note = {Accessed: 2023-02-19}
	
}
@online{daviteq,
	author = {daviteq},
	title = {What are the most popular IoT protocols? Characteristics and Applications of them
	},
	year = {n.d.},
	url = {https://www.daviteq.com/blog/en/what-are-the-most-popular-iot-protocols/},
	howpublished = {https://www.daviteq.com/blog/en/what-are-the-most-popular-iot-protocols/},
	note = {Accessed: 2023-02-19}
	
}
@article{articleKorea,
	author = {Muralidharan, Shapna and Roy, Abhishek and Saxena, Navrati},
	year = {2016},
	month = {10},
	pages = {},
	title = {An Exhaustive Review on Internet of Things from Koreaâ€™s Perspective},
	volume = {90},
	journal = {Wireless Personal Communications},
	doi = {10.1007/s11277-016-3404-8}
}