@book{mather2016classification,
	title={Classification methods for remotely sensed data},
	author={Mather, Paul and Tso, Brandt},
	year={2016},
	publisher={CRC press}
}

@article{duroc2018rfid,
	title={RFID: A key technology for Humanity},
	author={Duroc, Yvan and Tedjini, Smail},
	journal={Comptes Rendus Physique},
	volume={19},
	number={1-2},
	pages={64--71},
	year={2018},
	publisher={Elsevier}
}


@inproceedings{li2018flooding,
	title={A flooding warning system based on RFID tag array for energy facility},
	author={Li, Chang-He and Lao, Keng-Weng and Tam, Kam-Weng},
	booktitle={2018 IEEE International Conference on RFID Technology \& Application (RFID-TA)},
	pages={1--4},
	year={2018},
	organization={IEEE}
}

@inproceedings{fahmy2019role,
	title={Role of RFID technology in smart city applications},
	author={Fahmy, Ahmed and Altaf, Hunain and Al Nabulsi, Ahmed and Al-Ali, Abdulrahman and Aburukba, Raafat},
	booktitle={2019 international conference on communications, signal processing, and their applications (ICCSPA)},
	pages={1--6},
	year={2019},
	organization={IEEE}
}

@article{chawla2007overview,
	title={An overview of passive RFID},
	author={Chawla, Vipul and Ha, Dong Sam},
	journal={IEEE Communications Magazine},
	volume={45},
	number={9},
	pages={11--17},
	year={2007},
	publisher={IEEE}
}

@article{duroc2022identification,
	title={From Identification to Sensing: RFID Is One of the Key Technologies in the IoT Field},
	author={Duroc, Yvan},
	journal={Sensors},
	volume={22},
	number={19},
	pages={7523},
	year={2022},
	publisher={MDPI}
}
@misc{rfidfreqs,
	author = "rfid4u",
	title = {Explore RFID Basics and Resources RFID Basics - The RF in RFID},
	year = "2023",
	url = "https://rfid4u.com/wp-content/uploads/2020/06/Electromagnetic-Spectrum@2x.png"
}

@article{landaluce2020review,
	title={A review of IoT sensing applications and challenges using RFID and wireless sensor networks},
	author={Landaluce, Hugo and Arjona, Laura and Perallos, Asier and Falcone, Francisco and Angulo, Ignacio and Muralter, Florian},
	journal={Sensors},
	volume={20},
	number={9},
	pages={2495},
	year={2020},
	publisher={MDPI}
}

@article{denis2020travaux,
	title={Travaux Pratiques de T{\'e}l{\'e}d{\'e}tection Spatiale I},
	author={Denis, Antoine},
	year={2020},
	publisher={ULi{\`e}ge-Universit{\'e} de Li{\`e}ge [Applied Science]}
}

@book{girard2018processing,
	title={Processing of remote sensing data},
	author={Girard, ColetteM},
	year={2018},
	publisher={Routledge}
}
@misc{rsap,
	author = "SKYRORA",
	title = {WHAT IS SATELLITE REMOTE SENSING?},
	year = "2021",
	url = "https://www.skyrora.com/wp-content/uploads/2021/07/illustration1.png"
}

@misc{rfidsys,
	author = "SCHMIDT",
	title = {RFID solutions},
	year = "2020",
	howpublished = "\url{http://www.schmidt.com.cn/uploadfiles/2018/06/20180614160652652.png}"
}

@misc{rfidwork,
	author = "easyRFID",
	title = {RFID technology: what it is, how it works and what it is for},
	year = "2022",
	url = "https://www.easyrfid.it/wp-content/uploads/2021/02/COME-FUNZIONA_Tavola-disegno-1-1024x1024.jpg"
}

@misc{rfidtype,
	author = "AUCXIS rfidsolutions",
	title = {RFID â€“ identify, read and process unique information},
	year = "2023",
	url = "https://www.aucxis.com/site/files/images/rfid/werking/RFID%20werking%20schema.png"
}
@misc{rfidpascla,
	
	title = "easyRFID",
	year = "2022",
	howpublished = "\url{https://www.easyrfid.it/en/tecnologia-rfid/}",
	note = "Accessed on February 15, 2023."
}


@article{chong2017review,
	title={A review of remote sensing applications for oil palm studies},
	author={Chong, Khai Loong and Kanniah, Kasturi Devi and Pohl, Christine and Tan, Kian Pang},
	journal={Geo-spatial Information Science},
	volume={20},
	number={2},
	pages={184--200},
	year={2017},
	publisher={Taylor \& Francis}
}

@article{schulz2018machine,
	title={Machine learning methods for remote sensing applications: an overview},
	author={Schulz, Karsten and H{\"a}nsch, Ronny and S{\"o}rgel, Uwe},
	journal={Earth resources and environmental remote sensing/GIS applications IX},
	volume={10790},
	pages={1079002},
	year={2018},
	publisher={SPIE}
}

@article{navalgund2007remote,
	title={Remote sensing applications: An overview},
	author={Navalgund, Ranganath R and Jayaraman, V and Roy, PS},
	journal={current science},
	pages={1747--1766},
	year={2007},
	publisher={JSTOR}
}
@article{elachi1988spaceborne,
	title={Spaceborne radar remote sensing: applications and techniques},
	author={Elachi, Charles},
	journal={New York},
	year={1988}
}
@article{karthikeyan2020review,
	title={A review of remote sensing applications in agriculture for food security: Crop growth and yield, irrigation, and crop losses},
	author={Karthikeyan, L and Chawla, Ila and Mishra, Ashok K},
	journal={Journal of Hydrology},
	volume={586},
	pages={124905},
	year={2020},
	publisher={Elsevier}
}

@article{schroeder2019passive,
	title={Passive remote sensing technology for mapping bull kelp (Nereocystis luetkeana): a review of techniques and regional case study},
	author={Schroeder, Sarah B and Dupont, Colleen and Boyer, Leanna and Juanes, Francis and Costa, Maycira},
	journal={Global Ecology and Conservation},
	volume={19},
	pages={e00683},
	year={2019},
	publisher={Elsevier}
}
@article{tong2019trends,
	title={Trends of land surface phenology derived from passive microwave and optical remote sensing systems and associated drivers across the dry tropics 1992--2012},
	author={Tong, Xiaoye and Tian, Feng and Brandt, Martin and Liu, Yi and Zhang, Wenmin and Fensholt, Rasmus},
	journal={Remote Sensing of Environment},
	volume={232},
	pages={111307},
	year={2019},
	publisher={Elsevier}
}

@article{zhou2021potential,
	title={The potential of active and passive remote sensing to detect frequent harvesting of alfalfa},
	author={Zhou, Yuting and Flynn, K Colton and Gowda, Prasanna H and Wagle, Pradeep and Ma, Shengfang and Kakani, Vijaya G and Steiner, Jean L},
	journal={International Journal of Applied Earth Observation and Geoinformation},
	volume={104},
	pages={102539},
	year={2021},
	publisher={Elsevier}
}

@article{heisig2022predicting,
	title={Predicting wildfire fuels and hazard in a central European temperate forest using active and passive remote sensing},
	author={Heisig, Johannes and Olson, Edward and Pebesma, Edzer},
	journal={Fire},
	volume={5},
	number={1},
	pages={29},
	year={2022},
	publisher={MDPI}
}

@article{ullo2021advances,
	title={Advances in IoT and smart sensors for remote sensing and agriculture applications},
	author={Ullo, Silvia Liberata and Sinha, Ganesh Ram},
	journal={Remote Sensing},
	volume={13},
	number={13},
	pages={2585},
	year={2021},
	publisher={MDPI}
}
